%This is an example of the bib formatting
%TEST-SAMPLE
@book{latexcompanion,
    author    = "Michel Goossens and Frank Mittelbach and Alexander Samarin",
    title     = "The \LaTeX\ Companion",
    year      = "1993",
    publisher = "Addison-Wesley",
    address   = "Reading, Massachusetts"}
%example of citation in main document text:
%SOURCE TEMPLATES  - Lines marked with % aren't needed.
@article{TEMPLATE,
    author   	=   "",
    title    	=   "",
    journal		=   "",
    volume  	=   "",
    number  	=   "",
    pages   	=   "",
    year     	=   "XXXX",
    note    	=   "",
    url			=   ""}
@article{TEMPLATE,
    author   	=   "",
    title    	=   "",
    journal  	=   "",
    year     	=   "XXXX",
    url			=   ""}
@Misc{TEMPLATE,
    author      =   "", 
    title       =   "", 
    year        =   "", 
    url         =   ""}
    

%Introduction
@article{past,
  title={Past, present, and future of simultaneous localization and mapping: Toward the robust-perception age},
  author={Cadena, Cesar and Carlone, Luca and Carrillo, Henry and Latif, Yasir and Scaramuzza, Davide and Neira, Jos{\'e} and Reid, Ian and Leonard, John J},
  journal={IEEE Transactions on robotics},
  volume={32},
  number={6},
  pages={1309--1332},
  year={2016},
  publisher={IEEE}
}

@Misc{uk,
    author      =   "UK-RAS Network Robotics and Autonomous Systems", 
    title       =   "Manufacturing Robotics - The Next Robotic Industrial Revolution", 
    year        =   "2016", 
    url         =   "https://www.ukras.org/wp-content/uploads/2018/10/UK_RAS_wp_manufacturing_web.pdf"}

@article{industry4,
  title={Industry 4.0},
  author={Lasi, Heiner and Fettke, Peter and Kemper, Hans-Georg and Feld, Thomas and Hoffmann, Michael},
  journal={Business \& information systems engineering},
  volume={6},
  number={4},
  pages={239--242},
  year={2014},
  publisher={Springer}
}

@Misc{site,
    author      =   "allaboutlean.com", 
    title       =   "A Critical Look at Industry 4.0", 
    year        =   "2015", 
    url         =   "https://www.allaboutlean.com/industry-4-0/"}

@Misc{boston,
    author      =   "Boston Consulting Group - Philipp Gerbert, Markus Lorenz, Michael Rüßmann, Manuela Waldner, Jan Justus, Pascal Engel, and Michael Harnisch", 
    title       =   "Mobility Industry 4.0: The Future of Productivity and Growth in Manufacturing Industries", 
    year        =   "2015", 
    url         =   "https://www.bcg.com/publications/2015/engineered_products_project_business_industry_4_future_productivity_growth_manufacturing_industries.aspx"}

@Misc{aethon,
    author      =   "aethon.com - Tony Melanson", 
    title       =   "What Industry 4.0 Means for Manufacturers", 
    year        =   "2018", 
    url         =   "https://aethon.com/mobile-robots-and-industry4-0/"}

@Misc{agv,
    author      =   "aethon.com -  Spencer Allen", 
    title       =   "Self-Driving Robot Navigation Methodology Explained", 
    year        =   "2018", 
    url         =   "https://aethon.com/our-navigation-methodology-explained/"}

@book{lentin,
  title={ROS Robotics Projects},
  author={Joseph, Lentin},
  year={2017},
  publisher={Packt Publishing Ltd}
}

%% Literature review
@article{cadena2016past,
  title={Past, present, and future of simultaneous localization and mapping: Toward the robust-perception age},
  author={Cadena, Cesar and Carlone, Luca and Carrillo, Henry and Latif, Yasir and Scaramuzza, Davide and Neira, Jos{\'e} and Reid, Ian and Leonard, John J},
  journal={IEEE Transactions on robotics},
  volume={32},
  number={6},
  pages={1309--1332},
  year={2016},
  publisher={IEEE}
}

@book{kelly2013mobile,
  title={Mobile robotics: mathematics, models, and methods},
  author={Kelly, Alonzo},
  year={2013},
  publisher={Cambridge University Press}
}

@inproceedings{newman2002explore,
  title={Explore and return: Experimental validation of real-time concurrent mapping and localization},
  author={Newman, Paul and Leonard, John and Tard{\'o}s, Juan D and Neira, Jos{\'e}},
  booktitle={Proceedings 2002 IEEE International Conference on Robotics and Automation (Cat. No. 02CH37292)},
  volume={2},
  pages={1802--1809},
  year={2002},
  organization={IEEE}
}


@article{forster2016manifold,
  title={On-Manifold Preintegration for Real-Time Visual--Inertial Odometry},
  author={Forster, Christian and Carlone, Luca and Dellaert, Frank and Scaramuzza, Davide},
  journal={IEEE Transactions on Robotics},
  volume={33},
  number={1},
  pages={1--21},
  year={2016},
  publisher={IEEE}
}

@inproceedings{lynen2015get,
  title={Get Out of My Lab: Large-scale, Real-Time Visual-Inertial Localization.},
  author={Lynen, Simon and Sattler, Torsten and Bosse, Michael and Hesch, Joel A and Pollefeys, Marc and Siegwart, Roland},
  booktitle={Robotics: Science and Systems},
  volume={1},
  year={2015}
}

@inproceedings{mourikis2007multi,
  title={A multi-state constraint Kalman filter for vision-aided inertial navigation},
  author={Mourikis, Anastasios I and Roumeliotis, Stergios I},
  booktitle={Proceedings 2007 IEEE International Conference on Robotics and Automation},
  pages={3565--3572},
  year={2007},
  organization={IEEE}
}

@misc{roboticskuka,
  title={Kuka Navigation Solution, 2016},
  author={Robotics, Kuka},
  url="https://www.kuka.com/-/media/kuka-downloads/imported/9cb8e311bfd744b4b0eab25ca883f6d3/kuka_navigation_solution_en.pdf"
}

@article{ackerman2014dyson,
  title={Dyson’s robot vacuum has 360-degree camera, tank treads, cyclone suction},
  author={Ackerman, E},
  journal={IEEE Spectr},
  year={2014},
  url={https://spectrum.ieee.org/automaton/robotics/home-robots/dyson-the-360-eye-robot-vacuum}
}

@article{maimone2007two,
  title={Two years of visual odometry on the mars exploration rovers},
  author={Maimone, Mark and Cheng, Yang and Matthies, Larry},
  journal={Journal of Field Robotics},
  volume={24},
  number={3},
  pages={169--186},
  year={2007},
  publisher={Wiley Online Library}
}



@misc{tangent_bug,
  title={Implementing Tangent Bug},
  year={2019},
  url={http://kovan.ceng.metu.edu.tr/~asil/old/_1./hw1.html}
}


%%%%%%%%Low-level implemetation algorithms
%%%%%%%robot position -encoders

@misc{robotics,
  title={An Elementary Model for the Differential Steering System of Robot Actuators},
  author={ G.W., Lucas},
  year={2000},
  url={http://rossum.sourceforge.net/papers/DiffSteer/DiffSteer.html}
}

@misc{mit,
  title={A Primer on Odometry and Motor Control},
  author={ Edwin,Olson},
  year={2004},
  url={https://ocw.mit.edu/courses/electrical-engineering-and-computer-science/6-186-mobile-autonomous-systems-laboratory-january-iap-2005/study-materials/odomtutorial.pdf}
}
%%%%%%%robot orientation related to the target Position


@article{filipski2006nanosatellite,
  title={Nanosatellite navigation with the WMM2005 geomagnetic field model},
  author={FILIPSKI, MUHAMMAD NIZAM and Abdullah, Ermira Junita},
  journal={Turkish Journal of Engineering and Environmental Sciences},
  volume={30},
  number={1},
  pages={43--56},
  year={2006},
  publisher={The Scientific and Technological Research Council of Turkey}
}


@misc{magnetometer,
  title={Compass Heading using Magnetometers},
  author={Honeywell, AN-203},
  year={7/95 Rev.A},
  url={https://cdn-shop.adafruit.com/datasheets/AN203_Compass_Heading_Using_Magnetometers.pdf}
}

@misc{magnetometermatlab,
  title={Magnetometer Calibration},
  author={Mathworks},
  year={2019},
  url={https://se.mathworks.com/help/fusion/examples/magnetometer-calibration.html}
}

@misc{magnetometercal,
  title={Magnetometer Calibration - Calculating Orientation Pt3},
  author={SAMS Blog},
  year={2016},
  url={http://www.camelsoftware.com/2016/03/13/imu-maths-calculate-orientation-pt3/}
}


%Old refs 
 
@book{corke2017robotics,
  title={Robotics, Vision and Control: Fundamental Algorithms In MATLAB{\textregistered} Second, Completely Revised},
  author={Corke, Peter},
  volume={118},
  year={2017},
  publisher={Springer}
}
    
@book{book_ros,
  title={Robot Operating System (ROS): The Complete Reference},
  author={Koubaa, A.},
  number={vb. 2},
  isbn={9783319549279},
  series={Studies in Computational Intelligence},
  url={https://books.google.dk/books?id=yYQlDwAAQBAJ},
  year={2017},
  publisher={Springer International Publishing}
}

@conference{HoenigMixedReality2015,
  Address = {Hamburg, Germany},
  Author = {Wolfgang Hoenig and Christina Milanes and Lisa Scaria and Thai Phan and Mark Bolas and Nora Ayanian},
  Booktitle = {IEEE/RSJ Intl Conf. Intelligent Robots and Systems},
  Month = {Sept},
  Pages = {5382 - 5387},
  Title = {Mixed Reality for Robotics},
  Year = {2015}}

@Misc{web_ros_wiki_install,
    title       =   "Ubuntu install of ROS Kinetic", 
    url         =   "http://wiki.ros.org/kinetic/Installation/Ubuntu"}
    
@Misc{web_vrpn_git,
    title       =   "VRPN ROS Client", 
    url         =   "https://github.com/ros-drivers/vrpn_client_ros"}

@book{control,
    author    = "MManfred Schleicher and Frank Blasinger",
    title     = "Control Engineering - A guide for beginners",
    year      = "2003",
    publisher = "JUMO GmbH & Co. KG, Fulda, Germany",
    address   = "Auckland University of Technology"}

  
@article{higgins1975comparison,
  title={A comparison of complementary and Kalman filtering},
  author={Higgins, Walter T},
  journal={IEEE Transactions on Aerospace and Electronic Systems},
  number={3},
  pages={321--325},
  year={1975},
  publisher={IEEE}
}

%%%%%%%ROS installation
@Misc{web_turtlebot3_simulation,
    title       =   "Turtlebot3 simulation", 
    url         =   "http://emanual.robotis.com/docs/en/platform/turtlebot3/simulation/#ros-1-simulation"}