%This is an example of the bib formatting
%TEST-SAMPLE
@book{latexcompanion,
    author    = "Michel Goossens and Frank Mittelbach and Alexander Samarin",
    title     = "The \LaTeX\ Companion",
    year      = "1993",
    publisher = "Addison-Wesley",
    address   = "Reading, Massachusetts"}
%example of citation in main document text:
%SOURCE TEMPLATES  - Lines marked with % aren't needed.
@article{TEMPLATE,
    author   	=   "",
    title    	=   "",
    journal		=   "",
    volume  	=   "",
    number  	=   "",
    pages   	=   "",
    year     	=   "XXXX",
    note    	=   "",
    url			=   ""}
@article{TEMPLATE,
    author   	=   "",
    title    	=   "",
    journal  	=   "",
    year     	=   "XXXX",
    url			=   ""}
@Misc{TEMPLATE,
    author      =   "", 
    title       =   "", 
    year        =   "", 
    url         =   ""}
    

%Introduction
@Misc{web_swarm,
    author      =   "Alexis; C. Madrigal, 
    title       =   "Drone Swarms Are Going to Be Terrifying and Hard to Stop", 
    year        =   "2018", 
    url         =   "https://www.theatlantic.com/technology/archive/2018/03/drone-swarms-are-going-to-be-terrifying/555005/"}

@Misc{web_coop,
    author      =   "Zsolt BÃ©zsenyi, 
    title       =   "Autonomous and cooperating: the dawn of the drone swarm", 
    year        =   "2018", 
    url         =   "https://cosmosmagazine.com/technology/autonomous-and-cooperating-the-dawn-of-the-drone-swarm"}
    
%literature review
@book{corke2017robotics,
  title={Robotics, Vision and Control: Fundamental Algorithms In MATLAB{\textregistered} Second, Completely Revised},
  author={Corke, Peter},
  volume={118},
  year={2017},
  publisher={Springer}
}

@Misc{swarm_1,
    author      =   "Wolfgang; Hoenig, 
    title       =   "Towards CrazySwarms", 
    year        =   "2018", 
    url         =   "https://www.bitcraze.io/2015/04/towards-crazyswarms-2/"}


@article{educationalresearch,
  title={Development of a swarm control platform for educational and research applications},
  author={Noronha, Justin},
  year={2016}
}


@inproceedings{preiss2017crazyswarm,
  title={Crazyswarm: A large nano-quadcopter swarm},
  author={Preiss, James A and Honig, Wolfgang and Sukhatme, Gaurav S and Ayanian, Nora},
  booktitle={Robotics and Automation (ICRA), 2017 IEEE International Conference on},
  pages={3299--3304},
  year={2017},
  organization={IEEE}
}

@inproceedings{chaumette2011carus,
  title={Carus, an operational retasking application for a swarm of autonomous uavs: First return on experience},
  author={Chaumette, Serge and Laplace, R{\'e}mi and Mazel, Christophe and Mirault, Rapha{\"e}l and Dunand, A and Lecoutre, Y and Perbet, JN},
  booktitle={MILITARY COMMUNICATIONS CONFERENCE, 2011-MILCOM 2011},
  pages={2003--2010},
  year={2011},
  organization={IEEE}
}

@article{yanmaz2018drone,
  title={Drone networks: Communications, coordination, and sensing},
  author={Yanmaz, Ev{\c{s}}en and Yahyanejad, Saeed and Rinner, Bernhard and Hellwagner, Hermann and Bettstetter, Christian},
  journal={Ad Hoc Networks},
  volume={68},
  pages={1--15},
  year={2018},
  publisher={Elsevier}
}
    
%Components
    
@Misc{web_bitcraze_git_main,
    title       =   "Bitcraze GitHub", 
    url         =   "https://github.com/bitcraze"}
    
@Misc{web_bitcraze_git_fw,
    title       =   "Crazyflie 2.0 Firmware", 
    url         =   "https://github.com/bitcraze/crazyflie-firmware"}
    
@Misc{web_bitcraze_git_fw_nrf,
    title       =   "Crazyflie 2.0 NRF51 firmware", 
    url         =   "https://github.com/bitcraze/crazyflie2-nrf-firmware"}
    
@book{book_ros,
  title={Robot Operating System (ROS): The Complete Reference},
  author={Koubaa, A.},
  number={vb. 2},
  isbn={9783319549279},
  series={Studies in Computational Intelligence},
  url={https://books.google.dk/books?id=yYQlDwAAQBAJ},
  year={2017},
  publisher={Springer International Publishing}
}

@conference{HoenigMixedReality2015,
  Address = {Hamburg, Germany},
  Author = {Wolfgang Hoenig and Christina Milanes and Lisa Scaria and Thai Phan and Mark Bolas and Nora Ayanian},
  Booktitle = {IEEE/RSJ Intl Conf. Intelligent Robots and Systems},
  Month = {Sept},
  Pages = {5382 - 5387},
  Title = {Mixed Reality for Robotics},
  Year = {2015}}

@Misc{web_ros_wiki_install,
    title       =   "Ubuntu install of ROS Kinetic", 
    url         =   "http://wiki.ros.org/kinetic/Installation/Ubuntu"}
    
@Misc{web_vrpn_git,
    title       =   "VRPN ROS Client", 
    url         =   "https://github.com/ros-drivers/vrpn_client_ros"}
    
    
@Misc{web_vrpn_wiki,
    title       =   "Virtual Reality Peripheral Network - Official Repo", 
    url         =   "https://github.com/vrpn/vrpn/wiki"}

    
@Misc{web_crazyradio_wiki,
    title       =   "USB and Radio protocol of the Crazyradio dongle", 
    url         =   "https://wiki.bitcraze.io/doc:crazyradio:usb:index"}
    
@Misc{web_wifi_analyzer_app,
    title       =   "Wifi Analyzer", 
    url         =   "https://play.google.com/store/apps/details?id=com.farproc.wifi.analyzer&hl=en_US"}    

    

%modelling

@article{beard_quadrotor,
  title={Quadrotor dynamics and control rev 0.1},
  author={Beard, Randal},
  year={2008}
}

@article{modellingcrazy,
  title={Design of a trajectory tracking controller for a nanoquadcopter},
  author={Luis, Carlos and Ny, J{\'e}r{\^o}me Le},
  journal={arXiv preprint arXiv:1608.05786},
  year={2016}
}

%Network
@inproceedings{truetime,
  title={TrueTime: Real-time control system simulation with MATLAB/Simulink},
  author={Henriksson, Dan and Cervin, Anton and {\AA}rz{\'e}n, Karl-Erik},
  booktitle={Proceedings of the Nordic MATLAB Conference},
  year={2003},
  organization={Copenhagen, Denmark}
}

@article{chvostek2007simulation,
  title={Simulation of Network Using TrueTime Toolbox},
  author={Chvostek, T and Kratky, A and Foltin, M},
  journal={Institute of Control and Industrial Informatics, Faculty of Informatics and Information Technologies, Ilkovi{\v{c}}ova},
  volume={3},
  number={812},
  pages={19},
  year={2007}
}


% Old refs
@article{p5project,
    author   	=   "Amalia Lelia Cretu, Ion Sircu",
    title    	=   "Development of a flight controller for precise drone trajectory following",
    year     	=   "2017",
    url			=   "https://projekter.aau.dk/projekter/en/studentthesis/search.html"}

@book{control,
    author    = "MManfred Schleicher and Frank Blasinger",
    title     = "Control Engineering - A guide for beginners",
    year      = "2003",
    publisher = "JUMO GmbH & Co. KG, Fulda, Germany",
    address   = "Auckland University of Technology"}

@book{beard2012small,
  title={Small unmanned aircraft: Theory and practice},
  author={Beard, Randal W and McLain, Timothy W},
  year={2012},
  publisher={Princeton University Press}
}

@misc{greenwoodprinciples,
  title={Principles of dynamics, 1988},
  author={Greenwood, Donald T},
  publisher={Prentice-Hall, Englewood Cliffs, New Jersey}
}

@book{book:navigation,
  title={Unmanned Rotorcraft Systems},
  author={Guowei, Cai and Ben, M. Chen and Tong, Heng Lee},
  year={2011},
  publisher={Springer-Verlag London}
}

@article{article:letter,
    author   	=   "George Zogopoulos - Papaliakos",
    title    	=   "Modeling a Fixed-Wing UAV - A Collection of Equations",
    journal		=   "National Technical University of Athens",
    year     	=   "2016"}

  
@article{higgins1975comparison,
  title={A comparison of complementary and Kalman filtering},
  author={Higgins, Walter T},
  journal={IEEE Transactions on Aerospace and Electronic Systems},
  number={3},
  pages={321--325},
  year={1975},
  publisher={IEEE}
}

@article{p4project,
  author= "Amalia Lelia Cretu, Ion Sircu",
  title={Development of a package delivery system using visual computing},
  year={2017},
  url={https://projekter.aau.dk/projekter/en/studentthesis/search.html}
}
    